<?xml version="1.0" encoding="UTF-8"?><record xmlns="http://www.loc.gov/MARC21/slim" xmlns:cinclude="http://apache.org/cocoon/include/1.0" xmlns:zs="http://www.loc.gov/zing/srw/">
  <leader>01129cz  a2200241n  4500</leader>
  <controlfield tag="001">n  00109175 </controlfield>
  <controlfield tag="003">DLC</controlfield>
  <controlfield tag="005">20131114051013.0</controlfield>
  <controlfield tag="008">001002n| azannaabn          |a aaa      </controlfield>
  <datafield tag="010" ind1=" " ind2=" ">
    <subfield code="a">n  00109175 </subfield>
  </datafield>
  <datafield tag="035" ind1=" " ind2=" ">
    <subfield code="a">(Uk)000075231</subfield>
  </datafield>
  <datafield tag="040" ind1=" " ind2=" ">
    <subfield code="a">DLC</subfield>
    <subfield code="b">eng</subfield>
    <subfield code="e">rda</subfield>
    <subfield code="c">DLC</subfield>
    <subfield code="d">Uk</subfield>
  </datafield>
  <datafield tag="046" ind1=" " ind2=" ">
    <subfield code="s">20</subfield>
  </datafield>
  <datafield tag="100" ind1="1" ind2=" ">
    <subfield code="a">Veloso, Esmeraldina</subfield>
  </datafield>
  <datafield tag="370" ind1=" " ind2=" ">
    <subfield code="c">Portugal</subfield>
    <subfield code="f">Lisbon (Portugal)</subfield>
    <subfield code="2">naf</subfield>
  </datafield>
  <datafield tag="372" ind1=" " ind2=" ">
    <subfield code="a">Educational sociology</subfield>
    <subfield code="a">Older people--Education--Portugal</subfield>
    <subfield code="2">lcsh</subfield>
  </datafield>
  <datafield tag="373" ind1=" " ind2=" ">
    <subfield code="a">Universidade do Minho. Departamento de Ciências Sociais da Educação</subfield>
  </datafield>
  <datafield tag="374" ind1=" " ind2=" ">
    <subfield code="a">College teachers</subfield>
    <subfield code="2">lcsh</subfield>
  </datafield>
  <datafield tag="375" ind1=" " ind2=" ">
    <subfield code="a">female</subfield>
  </datafield>
  <datafield tag="377" ind1=" " ind2=" ">
    <subfield code="a">por</subfield>
  </datafield>
  <datafield tag="400" ind1="1" ind2=" ">
    <subfield code="a">Costa Veloso, Esmeraldina</subfield>
  </datafield>
  <datafield tag="670" ind1=" " ind2=" ">
    <subfield code="a">Por favor, elejam a B, 1998:</subfield>
    <subfield code="b">t.p. (Esmeraldina Veloso)</subfield>
  </datafield>
  <datafield tag="670" ind1=" " ind2=" ">
    <subfield code="a">Vidas depois da reforma, 2011</subfield>
    <subfield code="b">t.p. (Esmeraldina Veloso) p. 13 (Esmeraldina Costa Veloso; Social policy graduate and master's in sociology from Instituto Superor de Ciências Sociais e Políticas, Universidade Nova de Lisboa; Ph.D degree in educational sociology; associate professor at the Departamento de Ciências Sociais da Educação, Instituto de Educação da Universidade do Minho)</subfield>
  </datafield>
</record>